<?xml version="1.0" encoding="UTF-8"?><collection xmlns="http://www.loc.gov/MARC21/slim"><record><leader>00406nam--2200133-i-4500</leader><controlfield tag="001">000038300</controlfield><controlfield tag="002">20161230</controlfield><controlfield tag="005">20161230201041</controlfield><controlfield tag="008">060222s1000------------r-----000-0-eng-d</controlfield><datafield ind1=" " ind2=" " tag="080"><subfield code="a">546.791-19(043)</subfield></datafield><datafield ind1=" " ind2=" " tag="100"><subfield code="a">Reisse, Robert</subfield></datafield><datafield ind1=" " ind2=" " tag="245"><subfield code="a">Contribution a l`etude des alliages d`uranium faiblement charges en vandium. these</subfield></datafield><datafield ind1=" " ind2=" " tag="260"><subfield code="a">Lyon, Univ.Claude Bernard, 1972, 53p.+ Viii Tab.+ 56 Fig</subfield></datafield><datafield ind1=" " ind2=" " tag="852"><subfield code="a">42180</subfield></datafield></record></collection>